<record><leader>00000cas a22000007a 4500</leader><controlfield tag="001">11613236</controlfield><controlfield tag="008">850124d187u1892njuwr ne      0    0eng d</controlfield><datafield ind1=" " ind2=" " tag="010"><subfield code="a">sn 85025249 </subfield></datafield><datafield ind1=" " ind2=" " tag="040"><subfield code="a">NPX</subfield><subfield code="b">eng</subfield><subfield code="c">NPX</subfield><subfield code="d">NPA</subfield><subfield code="d">NJW</subfield><subfield code="d">OCL</subfield><subfield code="d">OCLCQ</subfield></datafield><datafield ind1=" " ind2=" " tag="042"><subfield code="a">msc</subfield></datafield><datafield ind1="0" ind2="0" tag="245"><subfield code="a">Woodstown register.</subfield></datafield><datafield ind1=" " ind2=" " tag="260"><subfield code="a">Woodstown, N.J. :</subfield><subfield code="b">William Taylor</subfield></datafield><datafield ind1=" " ind2=" " tag="300"><subfield code="a">v.</subfield></datafield><datafield ind1=" " ind2=" " tag="310"><subfield code="a">Weekly</subfield></datafield><datafield ind1="1" ind2=" " tag="362"><subfield code="a">Ceased in 1892?</subfield></datafield><datafield ind1=" " ind2=" " tag="500"><subfield code="a">Editor: William Taylor, &lt;1876&gt;.</subfield></datafield><datafield ind1=" " ind2=" " tag="580"><subfield code="a">Merged with: The monitor, to form: Monitor-register. Cf. Direct. of N.J. newspapers, 1765-1970.</subfield></datafield><datafield ind1=" " ind2=" " tag="588"><subfield code="a">Description based on: Vol. 2, no. 6 (Mar. 7, 1871).</subfield></datafield><datafield ind1=" " ind2=" " tag="752"><subfield code="a">United States</subfield><subfield code="b">New Jersey</subfield><subfield code="c">Salem</subfield><subfield code="d">Woodstown.</subfield></datafield><datafield ind1="0" ind2="0" tag="780"><subfield code="t">Register (Woodstown, N.J.)</subfield><subfield code="w">(DLC)sn 84026285</subfield></datafield><datafield ind1="1" ind2="7" tag="785"><subfield code="t">Monitor (Woodstown, N.J.)</subfield><subfield code="w">(DLC)sn 91064052</subfield><subfield code="w">(OCoLC)24493882</subfield></datafield><datafield ind1="1" ind2="7" tag="785"><subfield code="t">Monitor-register</subfield><subfield code="w">(DLC)sn 85035776</subfield><subfield code="w">(OCoLC)12127671</subfield></datafield></record>